@article{JP16,
  author    = {Antoine Joux and
               C{\'{e}}cile Pierrot},
  title     = {Technical history of discrete logarithms in small characteristic finite
               fields - The road from subexponential to quasi-polynomial complexity},
  journal   = {Des. Codes Cryptography},
  volume    = {78},
  number    = {1},
  pages     = {73--85},
  year      = {2016},
  url       = {https://doi.org/10.1007/s10623-015-0147-6},
  doi       = {10.1007/s10623-015-0147-6},
  timestamp = {Sat, 20 May 2017 00:23:20 +0200},
  biburl    = {http://dblp.uni-trier.de/rec/bib/journals/dcc/JouxP16},
  bibsource = {dblp computer science bibliography, http://dblp.org}
}

@article{JP14,
  author    = {Antoine Joux and
               C{\'{e}}cile Pierrot},
  title     = {Improving the Polynomial time Precomputation of Frobenius Representation
               Discrete Logarithm Algorithms - Simplified Setting for Small Characteristic
               Finite Fields},
  journal   = {{IACR} Cryptology ePrint Archive},
  volume    = {2014},
  pages     = {924},
  year      = {2014},
  url       = {http://eprint.iacr.org/2014/924},
  timestamp = {Thu, 08 Jun 2017 14:26:39 +0200},
  biburl    = {http://dblp.uni-trier.de/rec/bib/journals/iacr/JouxP14},
  bibsource = {dblp computer science bibliography, http://dblp.org}
}

@article{Joux13,
  author    = {Antoine Joux},
  title     = {A new index calculus algorithm with complexity {L}(1/4+o(1)) in very
               small characteristic},
  journal   = {{IACR} Cryptology ePrint Archive},
  volume    = {2013},
  pages     = {95},
  year      = {2013},
  url       = {http://eprint.iacr.org/2013/095},
  timestamp = {Thu, 08 Jun 2017 14:26:39 +0200},
  biburl    = {http://dblp.uni-trier.de/rec/bib/journals/iacr/Joux13},
  bibsource = {dblp computer science bibliography, http://dblp.org}
}

@misc{Nemo,
    author = {Hart, William and others},
    howpublished = {\url{http://nemocas.org}},
    key = {Nemo},
    organization = {The Nemo Development Team},
    posted-at = {2016-09-13 00:05:47},
    priority = {2},
    title = {{N}emo {P}ackage ({V}ersion 0.5.0)},
    year = {2016}
}

@misc{Julia,
    howpublished = {\url{http://julialang.org}},
    keywords = {julia},
    posted-at = {2016-09-14 23:55:18},
    priority = {2},
    title = {{Julia} : a high-level, high-performance dynamic language for technical computing}
}

@article{BGJT13,
  author    = {Razvan Barbulescu and
               Pierrick Gaudry and
               Antoine Joux and
               Emmanuel Thom{\'{e}}},
  title     = {A quasi-polynomial algorithm for discrete logarithm in finite fields
               of small characteristic},
  journal   = {CoRR},
  volume    = {abs/1306.4244},
  year      = {2013},
  url       = {http://arxiv.org/abs/1306.4244},
  timestamp = {Wed, 07 Jun 2017 14:43:10 +0200},
  biburl    = {http://dblp.uni-trier.de/rec/bib/journals/corr/BarbulescuGJT13},
  bibsource = {dblp computer science bibliography, http://dblp.org}
}

@article{GKZ14,
  author    = {Robert Granger and
               Thorsten Kleinjung and
               Jens Zumbr{\"{a}}gel},
  title     = {On the Powers of 2},
  journal   = {{IACR} Cryptology ePrint Archive},
  volume    = {2014},
  pages     = {300},
  year      = {2014},
  url       = {http://eprint.iacr.org/2014/300},
  timestamp = {Thu, 08 Jun 2017 14:26:36 +0200},
  biburl    = {http://dblp.uni-trier.de/rec/bib/journals/iacr/GrangerKZ14a},
  bibsource = {dblp computer science bibliography, http://dblp.org}
}

@inproceedings{ZC15,
 author = {Zhuang, Jincheng and Cheng, Qi},
 title = {On Generating Coset Representatives of \$\$PGL_{2}\mathbb {F}_{Q}\$\$PGL2Fq in \$\$PGL_{2}\mathbb {F}_{Q^{2}}\$\$PGL2Fq2},
 booktitle = {Revised Selected Papers of the 11th International Conference on Information Security and Cryptology - Volume 9589},
 series = {Inscrypt 2015},
 year = {2016},
 isbn = {978-3-319-38897-7},
 location = {Beijing, China},
 pages = {167--177},
 numpages = {11},
 url = {http://dx.doi.org/10.1007/978-3-319-38898-4_10},
 doi = {10.1007/978-3-319-38898-4_10},
 acmid = {2966032},
 publisher = {Springer-Verlag New York, Inc.},
 address = {New York, NY, USA},
 keywords = {Cosets, Discrete logarithm, Primitive elements, Projective linear group},
} 

@article{Bluher04,
title = "On xq+1+ax+b",
journal = "Finite Fields and Their Applications",
volume = "10",
number = "3",
pages = "285 - 305",
year = "2004",
note = "",
issn = "1071-5797",
doi = "http://dx.doi.org/10.1016/j.ffa.2003.08.004",
url = "http://www.sciencedirect.com/science/article/pii/S1071579703000698",
author = "Antonia W Bluher",
keywords = "Projective polynomial",
keywords = "Splitting fields",
keywords = "Trinomial"
}

@unpublished{GKZ16,
  author    = {Robert Granger and
               Thorsten Kleinjung and
               Jens Zumbr{\"{a}}gel},
  title     = {Indiscreet logarithms in finite fields of small characteristic},
  note      = {Preprint available on \url{https://people.epfl.ch//robert.granger}
}

@article{DH76,
 author = {Diffie, W. and Hellman, M.},
 title = {New Directions in Cryptography},
 journal = {IEEE Trans. Inf. Theor.},
 issue_date = {November 1976},
 volume = {22},
 number = {6},
 month = {Nov},
 year = {1976},
 issn = {0018-9448},
 pages = {644--654},
 numpages = {11},
 url = {http://dx.doi.org/10.1109/TIT.1976.1055638},
 doi = {10.1109/TIT.1976.1055638},
 acmid = {2269104},
 publisher = {IEEE Press},
 address = {Piscataway, NJ, USA},
}

